<?xml version="1.0" encoding="UTF-8"?><collection xmlns="http://www.loc.gov/MARC21/slim"><record><leader>00386nam--2200133-i-4500</leader><controlfield tag="001">000001112</controlfield><controlfield tag="002">20161230</controlfield><controlfield tag="005">20161230201024</controlfield><controlfield tag="008">060222s1000------------r-----000-0-eng-d</controlfield><datafield ind1=" " ind2=" " tag="080"><subfield code="a">530.145.6+03.53.01=03</subfield></datafield><datafield ind1=" " ind2=" " tag="100"><subfield code="a">Hermann, Armin</subfield></datafield><datafield ind1=" " ind2=" " tag="245"><subfield code="a">The genesis of quantum theory 1899-1913. translated by claude w.nash</subfield></datafield><datafield ind1=" " ind2=" " tag="260"><subfield code="a">Cambridge, Massachusette, 1970. Viii + 164 P</subfield></datafield><datafield ind1=" " ind2=" " tag="852"><subfield code="a">39250</subfield></datafield></record></collection>